@article{marichal2007derivative,
      title={Derivative relationships between volume and surface area of compact regions}, 
      author={Jean-Luc Marichal and Michael Dorff},
      year={2007},
      eprint={math/0702635},
      archivePrefix={arXiv},
      primaryClass={math.MG},
      journal={ROCKY MOUNTAIN JOURNAL OF MATHEMATICS},
      number={37},
      pages={552-571}
}

@article{c3b3cacd-10d9-31e8-b489-d5b5bef8a6b8,
      ISSN = {0025570X, 19300980},
      URL = {http://www.jstor.org/stable/2691174},
      author = {John Emert and Roger Nelson},
      journal = {Mathematics Magazine},
      number = {5},
      pages = {365--371},
      publisher = {Mathematical Association of America},
      title = {Volume and Surface Area for Polyhedra and Polytopes},
      urldate = {2024-04-05},
      volume = {70},
      year = {1997}
}


